
@Misc{UScensus,
author = {U.S. Census Bureau},
title = {Computer and Internet Use in the United States},
howpublished = {Page available at the Website, last visited 2.12.2013},
note = {http://www.census.gov/prod/2013pubs/p20-569.pdf}
}

@PhdThesis{Hampel01,
author = {Hampel, T.},
title = {Virtuelle Wissensr\"aume},
school = {Universit\"at Paderborn},
year = {2001}
}

@article{hampel2004virtuellen,
  title={{Vom virtuellen Wissensraum zur Lernumgebung--Kooperatives Lernen als integrativer Ansatz f{\"u}r eine mediengest{\"u}tzte Bildung, icom: Zeitschrift f{\"u}r interaktive und kooperative Medien}},
  author={Hampel, T. and Keil-Slawik, R. and Geisler, S.},
  journal={Heft},
  volume={2},
  number={2004},
  pages={5--12},
  year={2004}
}

@article{ellis91,
  title={Groupware: some issues and experiences},
  author={Ellis, C. A. and Gibbs, S. J. and Rein, G.},
  journal={Communications of the ACM},
  volume={34},
  number={1},
  pages={39--58},
  year={1991},
  publisher={ACM}
}

@Misc{KeilKuS,
author = {Keil, R.},
title = {{Cooperative Support Systems}},
howpublished = {Slides of lecture},
year = {Winter term 12/13 and 13/14}
}

@article{chiu2006,
  title={Understanding knowledge sharing in virtual communities: an integration of social capital and social cognitive theories},
  author={Chiu, C. and Hsu, M. and Wang, E.},
  journal={Decision support systems},
  volume={42},
  number={3},
  pages={1872--1888},
  year={2006},
  publisher={Elsevier}
}

@article{bandura2001,
  title={Social cognitive theory: An agentic perspective},
  author={Bandura, A.},
  journal={Annual review of psychology},
  volume={52},
  number={1},
  pages={1--26},
  year={2001},
  publisher={Annual Reviews 4139 El Camino Way, PO Box 10139, Palo Alto, CA 94303-0139, USA}
}

@article{nahapiet1998,
  title={Social capital, intellectual capital, and the organizational advantage},
  author={Nahapiet, J. and Ghoshal, S.},
  journal={Academy of management review},
  volume={23},
  number={2},
  pages={242--266},
  year={1998},
  publisher={Academy of Management}
}


@Misc{vanderwal,
author = {Vander Wal, T.},
title = {Folksonomy},
howpublished = {Page available at the Website, last visited 09.12.2013},
note = {http://www.vanderwal.net/folksonomy.html}
}

@InProceedings{Marshall,
author = {Marshall, C.C.},
title = {Annotation: from Paper Books to the Digital Library},
booktitle = {Proceedings of the ASM Digital Libraries â€˜97 Conference},
year = {1997}
}

@inproceedings{schmidt04,
  title={{We've got mail!-Eine neue Qualit{\"a}t der Integration von Nachrichtendiensten in die kooperative Wissensorganisation.}},
  author={Schmidt, C. and Hampel, T. and Bopp, T.},
  booktitle={DeLFI},
  pages={211--222},
  year={2004}
}

@inproceedings{HampeSelke19995,
	author = {Hampel, T. and Selke, H. },
	title = { Customizing the Web Two Tools for Individual and Collaborative Use of Hypermedia Course Material },
	editor = { Betty Collis and Ron Oliver },
	booktitle = { Proceedings of World Conference on Educational Multimedia, Hypermedia and Telecommunications 1999 },
	year = { 1999 },
	pages = { 634--639 },
	address = { Chesapeake, VA },
	publisher = { AACE },
	url = { http://www.editlib.org/p/6682 }
}

@inproceedings{Dourish,
 author = {Dourish, P. and Bellotti, V.},
 title = {Awareness and Coordination in Shared Workspaces},
 booktitle = {Proceedings of the 1992 ACM Conference on Computer-supported Cooperative Work},
 series = {CSCW '92},
 year = {1992},
 isbn = {0-89791-542-9},
 location = {Toronto, Ontario, Canada},
 pages = {107--114},
 numpages = {8},
 url = {http://doi.acm.org/10.1145/143457.143468},
 doi = {10.1145/143457.143468},
 acmid = {143468},
 publisher = {ACM},
 address = {New York, NY, USA}
}

@inproceedings{Sohlenkamp,
 author = {Sohlenkamp, M. and Chwelos, G.},
 title = {Integrating Communication, Cooperation, and Awareness: The DIVA Virtual Office Environment},
 booktitle = {Proceedings of the 1994 ACM Conference on Computer Supported Cooperative Work},
 series = {CSCW '94},
 year = {1994},
 isbn = {0-89791-689-1},
 location = {Chapel Hill, North Carolina, USA},
 pages = {331--343},
 numpages = {13},
 url = {http://doi.acm.org/10.1145/192844.193041},
 doi = {10.1145/192844.193041},
 acmid = {193041},
 publisher = {ACM},
 address = {New York, NY, USA}
}

@book{rheingold,
  title={The Virtual Community},
  author={Rheingold, H.},
  year={1993},
  publisher={Basic Books}
}